
@inproceedings{namata_inferring_2006,
	title = {Inferring formal titles in organizational email archives},
	url = {http://wwwold.cs.umd.edu/Grad/scholarlypapers/papers/GalileoNamata.pdf},
	urldate = {2016-02-27},
	booktitle = {Proc. of the {ICML} {Workshop} on {Statistical} {Network} {Analysis}},
	author = {Namata, G. M. and Getoor, Lise and Diehl, C.},
	year = {2006},
	file = {[PDF] from umd.edu:files/441/Namata et al. - 2006 - Inferring formal titles in organizational email ar.pdf:application/pdf}
}